@article{miller_infoplazas_2004,
  title = {Measuring the Contribution of Infoplazas to Internet Penetration and Use in Panama.},
  author = {Miller, Norma},
  year = {2004},
  month = dec,
  url = {https://www.researchgate.net/publication/24090512_Measuring_the_Contribution_of_Infoplazas_to_Internet_Penetration_and_Use_in_Panama
  },
  journal = {Research Papers in Economics}
}

@article{salvatierra_telecommunication_2018,
  title = {Telecommunication Sector Policies for the Development of Information and Communication Technologies in Panama},
  author = {De Lira Salvatierra, Irving Arturo},
  year = {2018},
  month = aug,
  journal = {InterAmerican Development Bank},
  url = {https://publications.iadb.org/en/telecommunication-sector-policies-development-information-and-communication-technologies-panama-0},
}

@article{jayguer_evolution_2024,
  title = {Evolution of Internet Access and Usage in Panama in the Context of the Global COVID-19 Pandemic},
  author = {Vasquez, Jayguer},
  year = {2024},
  month = dec,
  publisher = {LACCEI Conference 22nd}
}

@article{sackur_equatorial_2012,
  title = {Equatorial {{Guinea}}: {{Obiang}}'s Future Capital, {{Oyala}}},
  shorttitle = {Equatorial {{Guinea}}},
  author = {Sackur, Stephen},
  year = {2012},
  month = dec,
  journal = {BBC News},
  url = {https://www.bbc.com/news/magazine-20731448},
  urldate = {2024-11-13},
  abstract = {The people of Equatorial Guinea ought to be among the world's wealthiest - but somehow the country's income from oil and timber doesn't reach them.},
  chapter = {Magazine},
  langid = {british},
  file = {/Users/jpj/Zotero/storage/2ZLCNXMI/magazine-20731448.html}
}
